<record><leader>00000cas a22000007a 4500</leader><controlfield tag="001">24201049</controlfield><controlfield tag="008">910808d19uu1969nyuwr ne      0    0eng d</controlfield><datafield ind1=" " ind2=" " tag="010"><subfield code="a">sn 91066606 </subfield></datafield><datafield ind1=" " ind2=" " tag="040"><subfield code="a">NYS</subfield><subfield code="b">eng</subfield><subfield code="c">NYS</subfield><subfield code="d">OCLCQ</subfield></datafield><datafield ind1=" " ind2=" " tag="042"><subfield code="a">msc</subfield></datafield><datafield ind1="0" ind2=" " tag="130"><subfield code="a">Athens herald (Athens, N.Y.)</subfield></datafield><datafield ind1="1" ind2="4" tag="245"><subfield code="a">The Athens herald.</subfield></datafield><datafield ind1=" " ind2=" " tag="260"><subfield code="a">Athens, N.Y. :</subfield><subfield code="b">F.E. Bleezarde</subfield></datafield><datafield ind1=" " ind2=" " tag="300"><subfield code="a">v.</subfield></datafield><datafield ind1=" " ind2=" " tag="310"><subfield code="a">Weekly</subfield></datafield><datafield ind1="1" ind2=" " tag="362"><subfield code="a">Ceased in 1969?</subfield></datafield><datafield ind1=" " ind2=" " tag="500"><subfield code="a">Published by: G.E. Bleezarde, &lt;1955&gt;.</subfield></datafield><datafield ind1=" " ind2=" " tag="500"><subfield code="a">"Published every Thursday from the home of Mrs. Walter Herr", &lt;1959&gt;.</subfield></datafield><datafield ind1=" " ind2=" " tag="500"><subfield code="a">Editor: George Edward Bleezarde, &lt;1948&gt;; local editor: Marion Herr, &lt;1959&gt;.</subfield></datafield><datafield ind1=" " ind2=" " tag="588"><subfield code="a">Description based on: Vol. 11, no. 14 (Oct. 21, 1948).</subfield></datafield><datafield ind1=" " ind2="4" tag="651"><subfield code="a">Athens (N.Y.)</subfield><subfield code="v">Newspapers.</subfield></datafield><datafield ind1=" " ind2=" " tag="752"><subfield code="a">United States</subfield><subfield code="b">New York</subfield><subfield code="c">Greene</subfield><subfield code="d">Athens.</subfield></datafield><datafield ind1="0" ind2="0" tag="780"><subfield code="t">Athens news-herald</subfield></datafield><datafield ind1="0" ind2="4" tag="785"><subfield code="t">Greenville local and continuation of the Cairo herald</subfield><subfield code="w">(DLC)sn 88074492</subfield><subfield code="w">(OCoLC)18077510</subfield></datafield><datafield ind1="1" ind2=" " tag="029"><subfield code="a">AU@</subfield><subfield code="b">000025848273</subfield></datafield></record>